@misc{wiki2019srs,
    author = "{Wikipedia contributors}",
    title = "Software requirements specification --- {Wikipedia}{,} The Free Encyclopedia",
    year = "2019",
    howpublished = {\url{https://en.wikipedia.org/w/index.php?title=Software_requirements_specification&oldid=925231559}},
    note = "[Online; accessed 19-November-2019]"
}

@misc{jean2016latex,
    author = "{Jean-Philippe Eisenbarth}",
    title = "A latex template for a Software Requirements Specification that respects the IEEE standards.",
    year = "2016",
    howpublished = "\url{https://github.com/jpeisenbarth/SRS-Tex}",
    note = "[Online; accessed 6-April-2016]"
}

@incollection{sqlalchemy,
    place={Mountain View},
    title={SQLAlchemy},
    booktitle={The Architecture of Open Source Applications Volume II: Structure, Scale, and a Few More Fearless Hacks},
    publisher={\url{aosabook.org}},
    url={http://aosabook.org/en/sqlalchemy.html},
    author={Bayer, Michael},
    editor={Brown, Amy and Wilson, Greg},
    year={2012}
}
